2510 4738
689 339 741 427 16
788 375 839 395 “““
986 398 995 440 7

113 562 116 568 .
215 507 319 589 pre‘seo
349 521 508 578 auctorum
524 519 658 602 nomine.
708 517 768 580 Sed
787 519 911 582 friemmt
932 519 1038 596 etiam,
1065 539 1147 602 quae
1170 521 1211 580 al-

166 640 173 655 .
215 597 276 652 tius
310 608 517 676 assurgerent,
561 622 579 662 a
606 603 720 664 lascivo
749 611 781 662 et
808 605 967 684 pandente
998 605 1067 682 ioco
1099 605 1209 664 aliena.

155 673 158 688 '
214 675 420 752 Quamobrem
436 685 522 744 varia
544 685 658 747 hortun
682 689 852 749 carminum
879 685 1142 763 distinguebantur
1163 709 1209 764 ge·
1246 719 1247 722 ¹

212 781 302 838 nera,
336 783 470 846 quorum
493 768 545 843 id,
580 771 666 852 quod
688 771 865 832 versabatur
891 759 925 829 in
950 771 1133 831 celebrando
1162 773 1211 845 dei

153 855 159 868 ·
214 845 339 922 alicujus
360 847 494 925 honore,
523 854 705 936 primarium
732 864 796 912 erat
826 845 1018 932 (Παιᾶνες).’
1056 853 1107 913 Ab
1132 855 1208 930 ejus-

150 1001 154 1008 1
212 929 297 990 modi
316 929 443 993 deorum
457 939 600 996 encomiis
620 936 748 995 canendi
760 939 884 996 initium
898 937 1025 1010 factumi
1046 939 1208 998 concinen-

198 1011 292 1072 nous
306 1033 368 1076 uno
382 1035 436 1076 ore
452 1019 592 1078 omnibus
608 1017 753 1080 convivis.
793 1017 983 1080 Differebant
994 1021 1031 1078 ab
1047 1023 1085 1080 iis
1100 1031 1208 1101 suapte
1248 1003 1249 1094 l

112 1143 115 1151 ,
181 1171 184 1184 Ι
211 1099 428 1184 naturaquae
442 1110 590 1161 vocantur
601 1095 757 1185 Πάρωνα
776 1119 801 1162 s.
822 1101 977 1188 παροίνια
991 1093 1141 1184 ᾅσματα,
1162 1107 1208 1164 lu·
1248 1113 1249 1162 Τ

135 1179 144 1228 ’.
212 1178 289 1240 dicri
302 1187 488 1260 argumenti,
510 1185 621 1266 quibus
630 1187 798 1246 utebantur.
810 1191 997 1248 convictores
1010 1184 1049 1246 ad
1063 1187 1207 1268 deinceps

212 1273 294 1324 certo
315 1267 422 1326 ordine
439 1270 623 1344 canendum,
650 1277 680 1328 et
702 1264 820 1350 Kainoi
837 1290 861 1330 s.
882 1272 1107 1348 cantiunculae‚
1130 1291 1206 1354 quas

207 1345 333 1436 iuuenes
351 1349 512 1410 cantabant
530 1353 570 1412 ad
591 1353 764 1431 puellarum
783 1354 864 1413 fores
883 1355 934 1414 vel
951 1357 986 1424 in
1006 1355 1132 1430 aedibus
1150 1355 1207 1414 sal·

205 1437 304 1490 tantos
323 1435 398 1492 tibia
415 1433 523 1494 modos
548 1437 710 1496 indicante.
732 1435 893 1496 .Ceterum
913 1445 1051 1497 constant
1074 1440 1171 1498 aeolia
1190 1458 1206 1496 e

206 1515 354 1592 strophis·
372 1517 560 1595 minoribus,
598 1539 729 1601 quarum
763 1521 825 1580 duo
852 1522 971 1600 priores
996 1523 1104 1581 versus
1134 1530 1206 1581 sunt

128 1609 163 1661 '.
206 1599 374 1660 Phalaeeei.
414 1601 465 1659 Ex
480 1605 535 1677 iis,
566 1621 645 1682 quae
671 1605 784 1662 intacta
806 1605 933 1685 reliquit
961 1607 1111 1682 temporis
1131 1606 1203 1666 dens

79 1711 82 1716 ·
145 1695 155 1753 ᾗ
189 1683 267 1760 ’(εεῒ
285 1690 387 1743 autem
404 1701 550 1744 numerus
569 1685 653 1744 haud
669 1685 798 1764 parvus)
825 1689 964 1766 apprime
986 1687 1130 1762 laudibus
1152 1708 1203 1747 ex·
1249 1733 1250 1748 .

203 1765 325 1826 tollitur
350 1767 466 1827 scolion
491 1770 527 1826 in
544 1769 747 1856 Harmodium
774 1777 804 1828 et
831 1771 1086 1850 Aristogitonem
1115 1771 1202 1831 urbis
1249 1779 1250 1860 l

24 1851 32 1860 ‘
123 1876 126 1882 ·
198 1851 321 1928 ¹patriae
342 1869 360 1908 a
379 1850 636 1912 Pisistratidarum
655 1853 817 1931 tyrannide
835 1855 1022 1916 liberatores.
1125 1901 1131 1918 .

301 1961 413 2032 Dithyr.
431 1964 514 2036 frgnt.
532 1964 585 2018 ins.
599 1967 634 2017 R.
646 1966 813 2033 'Il'mkowslcy
825 1965 859 2020 de
869 1964 939 2020 dith.
958 1967 1071 2036 Mosqu.
1088 1965 1199 2025 mind.

225 2045 326 2081 renus.
342 2032 373 2082 in
388 2034 461 2086 Acte.
476 2033 580 2085 Semin.
598 2034 641 2085 ed.
658 2033 689 2085 G.
705 2034 743 2092 D.
756 2033 843 2086 Beck.
868 2033 934 2102 Lps.
952 2035 1024 2086 1811.
1044 2051 1079 2085 ss.
1103 2035 1168 2085 Vol.
1179 2035 1200 2084 Ι.

138 2111 140 2114 ’
237 2097 333 2150 Scolia
354 2117 378 2150 c.
399 2097 526 2169 prolegg.
550 2101 593 2152 ed.
629 2101 658 2150 C.
678 2101 730 2151 Du.
747 2102 832 2168 Ilgen.
861 2099 1053 2153 1en.1798.8.
1086 2099 1132 2152 Fr.
1156 2105 1200 2152 Ια-

147 2165 153 2192 ·’
237 2165 299 2214 cols
319 2159 432 2219 bathal.
455 2183 498 2233 gr.
525 2169 566 2230 (v.
583 2166 613 2234 ᾗ.
631 2165 684 2229 tu)
702 2165 802 2218 v01.1.
827 2167 870 2219 Cf.
888 2167 924 2218 G.
940 2165 1097 2220 Hermanni
1115 2164 1198 2220 elem.

194 2235 197 2254 ’
236 2229 327 2282 doctr.
352 2241 434 2283 metr.
456 2249 484 2298 p.
502 2233 560 2284 694.
579 2250 622 2300 sq.
645 2232 746 2284 Germ.
770 2231 861 2286 multa
881 2243 950 2288 vert.
983 2235 1028 2288 Fr.
1051 2235 1146 2286 lacobs
1168 2229 1198 2286 in

234 2291 342 2367 Tempe
358 2315 383 2380 e.
402 2291 749 2352 Venniscbt.Schn·ft.·11.

12 2451 15 2460 ,
100 2407 106 2414 Ι
386 2409 985 2553 'VIsFabulinesopica
1137 2509 1141 2516 .

548 2613 559 2638 ‘
633 2611 663 2704 ξ.
705 2614 756 2684 23.

151 2777 153 2785 ,
280 2723 420 2796 Medium
439 2729 519 2796 inter
538 2735 708 2798 orationem
733 2735 868 2798 vinctam
886 2749 921 2795 'ac
941 2729 1071 2810 solutam
1091 2728 1196 2796 lorum

179 2809 315 2876 ¹oblinet
328 2818 447 2896 fabula
465 2821 618 2900 Aeropiea
641 2811 861 2900 (Ἁπόλογος),
889 2820 951 2897 jam
971 2821 1088 2877 mature
1110 2818 1196 2876 adul·
1250 2835 1251 2838 ’

196 2905 229 2956 ta
250 2909 280 2960 et
300 2901 339 2960 ad
358 2903 533 2982 poliendam
551 2908 632 2970 vitae
652 2906 792 2985 publicae
815 2913 845 2964 et
864 2904 1043 2964 domesticae
1061 2899 1195 2976 effigiem

148 2982 153 2991 '
194 3001 262 3050 non
279 2999 390 3064 parum
410 2985 531 3047 faciens.
573 2987 635 3063 Qui
662 2979 778 3051 drimus
804 2983 974 3062 effinxerit,
1002 2985 1085 3044 haud
1105 2984 1195 3042 facile

31 3104 35 3112 ·
124 3127 126 3136 ,
199 3061 329 3144 dixeris,
364 3070 514 3150 siquidem
539 3071 621 3131 illius
647 3071 762 3155 ubique
788 3072 852 3134 fere
880 3073 944 3129 tam
969 3070 1029 3128 late
1059 3069 1196 3146 patuerit

100 3167 105 3178 ¹
138 3171 143 3212 J
197 3167 269 3210 usus
276 3193 285 3227 ,
314 3160 350 3209 ut
375 3133 491 3218 carlum
512 3148 664 3238 quendam
682 3166 841 3226 auctorem
858 3156 915 3215 rix
933 3149 1074 3237 profiteri
1093 3153 1207 3230 possis

196 3231 252 3308 (cf.
273 3232 401 3310 Quintil.
421 3238 461 3297 V.
480 3239 559 3318 11.);
586 3238 685 3320 neque
698 3239 831 3301 volueris
848 3239 1004 3318 inquirere
1023 3233 1194 3294 considera·

197 3322 230 3374 la
250 3319 296 3376 rei
315 3327 433 3379 nalura.
472 3321 517 3381 Ab
542 3323 697 3400 Aesopum
722 3322 890 3400 Phrygium
917 3339 942 3379 c.
965 3315 1015 3380 Ol.
1036 3317 1073 3380 L.
1098 3316 1193 3395 (580)

195 3397 469 3482 mullaflcontulisae
489 3403 528 3464 ad
548 3401 760 3484 divulgandam
786 3405 849 3480 ejus
875 3402 994 3462 fabulae
1018 3403 1194 3477 imaginem,

196 3485 264 3544 veri
283 3492 327 3544 est
348 3487 453 3548 simile.
493 3488 584 3548 Vixit
600 3491 626 3548 is
646 3493 680 3549 in
693 3488 784 3550 Samo
797 3487 897 3548 insula
910 3503 1029 3562 servus3
1051 3483 1194 3563 Delphos

90 3617 92 3628 ,
196 3587 270 3630 vero
290 3569 458 3648 proiectus,
486 3580 555 3632 orta
573 3575 654 3632 inter
673 3593 744 3634 eum
763 3581 794 3631 et
815 3575 896 3634 cives
916 3565 1116 3642 dissensione,
1137 3587 1194 3625 ne·

160 3657 162 3662 '
198 3661 280 3711 catus
295 3653 339 3712 ibi
352 3661 405 3712 est.
444 3653 573 3734 (Herod.
586 3655 623 3716 Π.
641 3651 708 3732 134.
730 3653 887 3734 Aristoph.
902 3655 995 3732 vesp.
1021 3651 1110 3715 1445.
1127 3650 1192 3732 sq.)

64 3737 68 3752 '
140 3795 145 3814 .
194 3731 410 3816 Perscrip'sisse
435 3737 550 3800 fabulas
575 3757 644 3800 suas
670 3760 734 3803 non
760 3741 873 3822 liquet3
904 3735 1035 3814 Augusti
1068 3736 1193 3795 demum

155 3859 157 3866 .
196 3828 292 3878 aetate
314 3839 332 3878 a
351 3817 469 3882 Bebrio
496 3821 628 3903 quodam
648 3823 781 3902 singulae
808 3829 879 3882 sunt
906 3821 1047 3880 collectae
1067 3821 1098 3876 et
1119 3804 1192 3877 ¹cho-

195 3902 336 3964 liambieo
358 3912 456 3968 metro
474 3905 610 3987 manaae,
624 3927 700 3992 ,quo
719 3907 843 3972 ainardo
868 3923 945 3968 mox
971 3901 1192 3968 liberabantur.

72 4015 76 4040 ι
116 4005 120 4020 ’
196 3983 384 4068 (Planudes).
